<record><leader>00000cas a22000007a 4500</leader><controlfield tag="001">13459862</controlfield><controlfield tag="008">860421d19uu1946mtuwr ne      0    0eng d</controlfield><datafield ind1=" " ind2=" " tag="010"><subfield code="a">sn 86075111 </subfield></datafield><datafield ind1=" " ind2=" " tag="040"><subfield code="a">MTL</subfield><subfield code="b">eng</subfield><subfield code="c">MTL</subfield><subfield code="d">OCLCQ</subfield><subfield code="d">MTG</subfield><subfield code="d">OCLCQ</subfield><subfield code="d">OCLCF</subfield></datafield><datafield ind1="1" ind2=" " tag="029"><subfield code="a">AU@</subfield><subfield code="b">000023535585</subfield></datafield><datafield ind1=" " ind2=" " tag="042"><subfield code="a">msc</subfield></datafield><datafield ind1=" " ind2=" " tag="043"><subfield code="a">n-us-mt</subfield></datafield><datafield ind1="0" ind2="4" tag="082"><subfield code="a">978.639</subfield><subfield code="2">19</subfield></datafield><datafield ind1="0" ind2="4" tag="245"><subfield code="a">The Yellowstone.</subfield></datafield><datafield ind1=" " ind2=" " tag="260"><subfield code="a">Ballantine, Mont. :</subfield><subfield code="b">[s.n.],</subfield><subfield code="c">-1946.</subfield></datafield><datafield ind1=" " ind2=" " tag="300"><subfield code="a">v. :</subfield><subfield code="b">ill. ;</subfield><subfield code="c">39-56 cm.</subfield></datafield><datafield ind1=" " ind2=" " tag="310"><subfield code="a">Weekly</subfield></datafield><datafield ind1="0" ind2=" " tag="362"><subfield code="a">-34th year, no. 29 (Apr. 25, 1946).</subfield></datafield><datafield ind1=" " ind2=" " tag="500"><subfield code="a">Place of publicatin varies: &lt;Nov. 10, 1922&gt;-Feb. 9, 1928, Worden, Mont. and Ballatine, Mont.; Feb. 16, 1928-&lt;June 6, 1939&gt;, Worden, Mont.; -Apr. 25, 1946, Billings, Mont.</subfield></datafield><datafield ind1=" " ind2=" " tag="580"><subfield code="a">Formed by the union of: Pompeys Pillar rock [non-extant], and: Huntley journal.</subfield></datafield><datafield ind1=" " ind2=" " tag="588"><subfield code="a">Description based on: Vol. 3, no. 11 (Jan. 16, 1920).</subfield></datafield><datafield ind1=" " ind2="0" tag="650"><subfield code="a">American newspapers</subfield><subfield code="z">Montana.</subfield></datafield><datafield ind1=" " ind2="7" tag="650"><subfield code="a">American newspapers.</subfield><subfield code="2">fast</subfield><subfield code="0">(OCoLC)fst00807293</subfield></datafield><datafield ind1=" " ind2="7" tag="651"><subfield code="a">Montana.</subfield><subfield code="2">fast</subfield><subfield code="0">(OCoLC)fst01207555</subfield></datafield><datafield ind1=" " ind2=" " tag="752"><subfield code="a">United States</subfield><subfield code="b">Montana</subfield><subfield code="c">Yellowstone</subfield><subfield code="d">Worden.</subfield></datafield><datafield ind1=" " ind2=" " tag="752"><subfield code="a">United States</subfield><subfield code="b">Montana</subfield><subfield code="c">Yellowstone</subfield><subfield code="d">Ballantine.</subfield></datafield><datafield ind1=" " ind2=" " tag="752"><subfield code="a">United States</subfield><subfield code="b">Montana</subfield><subfield code="c">Yellowstone</subfield><subfield code="d">Billings.</subfield></datafield><datafield ind1="1" ind2="4" tag="780"><subfield code="t">Pompeys Pillar rock</subfield></datafield><datafield ind1="1" ind2="4" tag="780"><subfield code="t">Huntley journal</subfield><subfield code="w">(DLC)sn 86075110</subfield></datafield><datafield ind1="0" ind2="0" tag="785"><subfield code="t">Billings herald</subfield><subfield code="w">(DLC)sn 84036001</subfield></datafield></record>